% vim: spell spelllang=en:

@online{neuropy,
    author = "Logan Reed",
    title = "neuropy",
    url  = "https://github.com/LoganOReed/neuropy",
    addendum = "(accessed: 08.21.2024)"
}

@online{neuroVISOR,
    author = "Benjamin Seibold, Gillian Queisser",
    title = "Neuro-VISOR",
    url  = "https://github.com/c2m2/Neuro-VISOR",
    addendum = "(accessed: 08.18.2024)"
}

@software{neuroMorpho, 
    author = {Padraig Gleeson and Matteo Cantarelli},
    title = {OpenSourceBrain/NeuroMorpho: v0.1},
    month = dec,
    year = 2018,
    publisher = {Zenodo},
    version = {v0.1},
    doi = {10.5281/zenodo.1972878},
    url = {https://doi.org/10.5281/zenodo.1972878}
} 

